%% This BibTeX bibliography file was created using BibDesk.
%% http://bibdesk.sourceforge.net/


%% Created for Tom Rosier at 2015-04-14 14:31:48 +0100 


%% Saved with string encoding Unicode (UTF-8) 



@webpage{LarsVogel:ActionBars:2014:online,
	Author = {Lars Vogel},
	Date-Added = {2015-04-14 13:28:41 +0000},
	Date-Modified = {2015-04-14 13:30:37 +0000},
	Keywords = {Android ActionBar Tutorial},
	Lastchecked = {1 April 2015},
	Month = {May},
	Url = {http://www.vogella.com/tutorials/AndroidActionBar/article.htm},
	Title = {Using the Android action bar (ActionBar) - Tutorial},
	Year = {2014},
	Bdsk-Url-1 = {http://www.vogella.com/tutorials/AndroidActionBar/article.htm}}

@webpage{Google:androidAPIDocs:2015:online,
	Author = {Google},
	Date-Modified = {2015-04-14 13:31:48 +0000},
	Keywords = {Android Tutorials},
	Lastchecked = {14 April 2015},
	Title = {Android Developers},
	Url = {https://developer.android.com/index.html},
	Bdsk-Url-1 = {https://developer.android.com/index.html}}


@webpage{JamesSmith:AjaxRestLib:2015:online,
	Author = {James Smith},
	Date-Modified = {2015-04-14 13:31:48 +0000},
	Keywords = {Android REST Asynchronous HTTP Client Library},
	Lastchecked = {14 April 2015},
	Title = {Android Asynchronous Http Client},
	Url = {http://loopj.com/android-async-http/},
	Bdsk-Url-1 = {http://loopj.com/android-async-http/}}

@webpage{GopinathG:AndroidRestFulServices:2014:online,
	Author = {Gopinath G},
	Date-Modified = {2015-04-14 13:31:48 +0000},
	Keywords = {Android Rest Service Tutorial},
	Lastchecked = {20 March 2015},
	Month = {May},
	Year = {2014},
	Title = {Android Restful Webservice Tutorial – How to call RESTful webservice in Android – Part 3},
	Url = {http://programmerguru.com/android-tutorial/android-restful-webservice-tutorial-how-to-call-restful-webservice-in-android-part-3/#android-invoke-rest},
	Bdsk-Url-1 = {http://programmerguru.com/android-tutorial/android-restful-webservice-tutorial-how-to-call-restful-webservice-in-android-part-3/#android-invoke-rest}}

@webpage{YongMookKin:AndroidButtonTutorial:2011:online,
	Author = {Yong Mook Kim},
	Date-Modified = {2015-04-14 13:31:48 +0000},
	Keywords = {Android Button Tutorial},
	Lastchecked = {19 March 2015},
	Month = {December},
	Year = {2011},
	Title = {Android button example},
	Url = {http://www.mkyong.com/android/android-button-example/},
	Bdsk-Url-1 = {http://www.mkyong.com/android/android-button-example/}}

@webpage{Google:MappingAPI:2015:online,
	Author = {Google},
	Date-Modified = {2015-04-14 13:31:48 +0000},
	Keywords = {Android Mapping API Tutorial},
	Lastchecked = {02 February 2015},
	Title = {Quick start with the Google Maps Android API},
	Url = {https://github.com/googlemaps/hellomap-android},
	Bdsk-Url-1 = {https://github.com/googlemaps/hellomap-android}}

@webpage{GeorgeMatthew:AddingListItems:2012:online,
	Author = {George Mathew},
	Date-Modified = {2015-04-14 13:31:48 +0000},
	Keywords = {Android List View Adding Items Tutorial},
	Lastchecked = {02 April 2015},
	Month = {June},
	Year = {2012},
	Title = {Dynamically add items to listview in Android},
	Url = {http://wptrafficanalyzer.in/blog/dynamically-add-items-to-listview-in-android/},
	Bdsk-Url-1 = {http://wptrafficanalyzer.in/blog/dynamically-add-items-to-listview-in-android/}}

@webpage{PaulDavies:AndroidListView:2014:online,
	Author = {Paul Davies},
	Date-Modified = {2015-04-14 13:31:48 +0000},
	Keywords = {Android ListView Tutorial},
	Lastchecked = {02 April 2015},
	Title = {Android ListView},
	Url = {http://www.codelearn.org/android-tutorial/android-listview},
	Bdsk-Url-1 = {http://www.codelearn.org/android-tutorial/android-listview}}

@webpage{NathanEsquenazi:StartingBackgroundServices:2013:online,
	Author = {Nathan Esquenazi},
	Date-Modified = {2015-04-14 13:31:48 +0000},
	Keywords = {Android Starting Background Services Tutorial},
	Lastchecked = {22 March 2015},
	Month = {October},
	Year = {2013},
	Title = {Starting Background Services},
	Url = {https://guides.codepath.com/android/Starting-Background-Services},
	Bdsk-Url-1 = {https://guides.codepath.com/android/Starting-Background-Services}}

@webpage{LarsVogel:UsingLists:2014:online,
	Author = {Lars Vogel},
	Date-Added = {2015-04-14 13:28:41 +0000},
	Date-Modified = {2015-04-14 13:30:37 +0000},
	Keywords = {Android ActionBar Tutorial},
	Lastchecked = {02 April 2015},
	Month = {November},
	Title = {Using lists in Android (ListView) - Tutorial},
	Url = {http://www.vogella.com/tutorials/AndroidListView/article.html},
	Year = {2014},
	Bdsk-Url-1 = {http://www.vogella.com/tutorials/AndroidListView/article.html}]

@webpage{NathanEsquenazi:UsingArrayAdapter:2013:online,
	Author = {Nathan Esquenazi},
	Date-Modified = {2015-04-14 13:31:48 +0000},
	Keywords = {Android Using an ArrayAdapter with ListView Tutorial},
	Lastchecked = {03 April 2015},
	Month = {August},
	Year = {2013},
	Title = {Using an ArrayAdapter with ListView},
	Url = {https://github.com/codepath/android_guides/wiki/Using-an-ArrayAdapter-with-ListView},
	Bdsk-Url-1 = {https://github.com/codepath/android_guides/wiki/Using-an-ArrayAdapter-with-ListView}}

@webpage{MySampleCode:CheckboxExample:2012:online,
	Author = {MySampleCode},
	Date-Modified = {2015-04-14 13:31:48 +0000},
	Keywords = {Android ListView Checkbox Tutorial},
	Lastchecked = {03 April 2015},
	Title = { Android ListView Checkbox Example - OnItemClickListener() and OnClickListener() },
	Url = {http://www.mysamplecode.com/2012/07/android-listview-checkbox-example.html},
	Bdsk-Url-1 = {http://www.mysamplecode.com/2012/07/android-listview-checkbox-example.html}}

@webpage{yybupt:CustomUtilityAdapter:2010:online,
	Author = {yybupt},
	Date-Modified = {2015-04-14 13:31:48 +0000},
	Keywords = {Android Custom android original utility adapter Tutorial},
	Lastchecked = {03 April 2015},
	Month = {June},
	Year = {2010},
	Title = {Custom android original utility adapter},
	Url = {http://www.phonesdevelopers.com/1709081/},
	Bdsk-Url-1 = {http://www.phonesdevelopers.com/1709081/}}

@webpage{PaulDavies:AndroidListView:2014:online,
	Author = {yybupt},
	Date-Modified = {2015-04-14 13:31:48 +0000},
	Keywords = {Android Android ListView Tutorial},
	Lastchecked = {02 April 2015},
	Month = {June},
	Year = {2014},
	Title = {Android ListView},
	Url = {http://www.codelearn.org/android-tutorial/android-listview},
	Bdsk-Url-1 = {http://www.codelearn.org/android-tutorial/android-listview}}

@webpage{LarsVogel:AndroidNotifications:2014:online,
	Author = {Lars Vogel},
	Date-Added = {2015-04-14 13:28:41 +0000},
	Date-Modified = {2015-04-14 13:30:37 +0000},
	Keywords = {Android Android Notifications - Tutorial  Tutorial},
	Lastchecked = {23 March 2015},
	Month = {June},
	Title = {Android Notifications - Tutorial},
	Url = {http://www.vogella.com/tutorials/AndroidNotifications/article.html},
	Year = {2013},
	Bdsk-Url-1 = {http://www.vogella.com/tutorials/AndroidNotifications/article.html}}
	