%% This BibTeX bibliography file was created using BibDesk.
%% http://bibdesk.sourceforge.net/


%% Created for Tom Rosier at 2015-02-05 21:23:02 +0000 


%% Saved with string encoding Unicode (UTF-8) 


@string{aij = {Artificial Intelligence}}


@url{Source6,
	Annote = {http://www.fastcolabs.com/3030873/our-html5-web-app-flopped-so-we-went-native-and-havent-looked-back This article was part part of the reason I elected to go for a Native App over Phonegap.},
	Author = {Kyri Sarantakos},
	Date-Added = {2015-02-05 21:08:14 +0000},
	Date-Modified = {2015-02-05 21:17:35 +0000},
	Lastchecked = {05/02/2015},
	Title = {Our HTML5 Web App Flopped, So We Went Native (And Haven't Looked Back)}}

@url{Source5,
	Annote = {https://developer.android.com/design/material/index.html This details the design requirements that are required for working with Android to make the UI consistent with the rest of the OS.},
	Author = {Google},
	Date-Added = {2015-02-05 20:56:08 +0000},
	Date-Modified = {2015-02-05 21:15:54 +0000},
	Lastchecked = {05/02/2015},
	Title = {Material Design}}

@url{Source4,
	Annote = {https://www.digitalocean.com/community/tutorials/sqlite-vs-mysql-vs-postgresql-a-comparison-of-relational-database-management-systems This was one of the articales that helped me decided to use Postgress SQL over some of the alternatives.},
	Author = {O.S. Tezer},
	Date-Added = {2015-02-05 20:33:07 +0000},
	Date-Modified = {2015-02-05 21:22:40 +0000},
	Lastchecked = {05/02/2015},
	Title = {SQLite vs MySQL vs PostgreSQL: A Comparison Of Relational Database Management Systems}}

@url{Source3,
	Annote = {https://www.npmjs.com/package/pg This is the package I plan to use to interface the backend of the application into the database.},
	Author = {Brian Carlson},
	Date-Added = {2015-02-05 20:29:53 +0000},
	Date-Modified = {2015-02-05 21:22:34 +0000},
	Lastchecked = {05/02/2015},
	Title = {PostgreSQL client - pure javascript and libpq with the same API}}

@url{Source2,
	Annote = {https://developers.google.com/maps/documentation/android/ This details how to work with the Google Mapping API that I will use for the main ui map within my application, and this undermins alot of the app developmnet.},
	Author = {Google},
	Date-Added = {2015-02-05 20:25:20 +0000},
	Date-Modified = {2015-02-05 21:14:45 +0000},
	Lastchecked = {05/02/2015},
	Title = {Google Maps Android API v2}}

@url{Source1,
	Annote = {http://www.movable-type.co.uk/scripts/latlong.html This blog post contains the various components that are required for calculating the distance between two points on a map using the GPS positions.},
	Author = {Chris Veness},
	Date-Added = {2015-02-05 20:20:02 +0000},
	Date-Modified = {2015-02-05 21:12:52 +0000},
	Lastchecked = {05/02/2015},
	Title = {Calculate distance, bearing and more between Latitude/Longitude points}}
